<?xml version="1.0" encoding="UTF-8"?><record xmlns="http://www.loc.gov/MARC21/slim" xmlns:cinclude="http://apache.org/cocoon/include/1.0" xmlns:zs="http://www.loc.gov/zing/srw/">
  <leader>00592cz  a2200133n  4500</leader>
  <controlfield tag="001">n  88269614 </controlfield>
  <controlfield tag="003">DLC</controlfield>
  <controlfield tag="005">20120802082227.0</controlfield>
  <controlfield tag="008">890322n| acannaab           |n ana      </controlfield>
  <datafield tag="010" ind1=" " ind2=" ">
    <subfield code="a">n  88269614 </subfield>
  </datafield>
  <datafield tag="040" ind1=" " ind2=" ">
    <subfield code="a">DLC</subfield>
    <subfield code="b">eng</subfield>
    <subfield code="c">DLC</subfield>
    <subfield code="d">DLC</subfield>
  </datafield>
  <datafield tag="111" ind1="2" ind2=" ">
    <subfield code="a">Ōshū Zōsen Gijutsu Chōsadan</subfield>
    <subfield code="d">(1960)</subfield>
  </datafield>
  <datafield tag="667" ind1=" " ind2=" ">
    <subfield code="a">THIS 1XX FIELD CANNOT BE USED UNDER RDA UNTIL THIS RECORD HAS BEEN REVIEWED AND/OR UPDATED</subfield>
  </datafield>
  <datafield tag="670" ind1=" " ind2=" ">
    <subfield code="a">Its Ōshū Zōsen Gijutsu Chōsadan hōkokusho, 1961:</subfield>
    <subfield code="b">t.p. (Ōshū Zōsen Gijutsu Chōsadan) pref., etc. (org., 10/11/60; dissolved, 12/2/60; sponsored by Nihon Senpaku Yushutsu Kumiai)</subfield>
  </datafield>
</record>